@article{gardner1970mathematical,
  title={Mathematical games},
  author={Gardner, Martin},
  journal={Scientific american},
  volume={222},
  number={6},
  pages={132--140},
  year={1970},
  publisher={JSTOR}
}

@manual{RimeaGuidelines2016,
  title        = {Guideline for Microscopic Evacuation Analysis},
  version      = {3.0.0},
  date         = {2016-03-10},
  url          = {www.rimea.de},
  urldate      = {2024-05-02},
  organization = {RIMEA}
}

@article{bolder2001high,
author = {Bolder, Bram and Struckmann, Thorsten and Bali, Gunnar and Eicker, Norbert and Lippert, Thomas and Orth, Boris and Schilling, Kathy and Ueberholz, Peer},
year = {2001},
month = {03},
pages = {},
title = {High precision study of the Q Q Â¯ potential from Wilson loops at large distances},
volume = {63},
journal = {Physical Review D},
doi = {10.1103/PhysRevD.63.074504}
}

@article{weidmann1993transporttechnik,
  title={Transporttechnik der fussg{\"a}nger-schriftenreihe ivt-bericte 90},
  author={Weidmann, U},
  journal={Institut f{\"u}r Verkehrsplanung, Transporttechnik, Strassen-und Eisenbahnbau},
  year={1993}
}